@book{kopka1991latex,
	author = {Kopka, Helmut and Rahtz, Sebastian},
	publisher = {Addison-Wesley},
	title = {LaTeX: Einf\"{u}hrung},
	volume = {2},
	year = {1991}
}

@online{latexKomp,
	lastchecked = {2014-09-14},
	title = {LaTeX-Kompendium -- Wikibooks, Sammlung freier Lehr-, Sach- und Fachb\"{u}cher},
	url = {http://de.wikibooks.org/wiki/LaTeX-Kompendium}
}

@online{quelle,
	lastchecked = {2014-09-01},
	title = {Quellenangabe -- Wikipedia},
	url = {http://de.wikipedia.org/wiki/Quellenangabe#.C3.96sterreich}
}

@online{wiki:quelle,
	author = {Wikipedia},
	lastchecked = {2014-09-14},
	title = {Quellenangabe --- Wikipedia{,} Die freie Enzyklopädie},
	url = {http://de.wikipedia.org/w/index.php?title=Quellenangabe&oldid=131343956}
}

@online{ wiki:zitat,
   author = "Wikipedia",
   title = "Zitat --- Wikipedia{,} Die freie Enzyklopädie",
   url = "http://de.wikipedia.org/w/index.php?title=Zitat&oldid=134064196",
   lastchecked = "2014-09-14"
 }

@online{ris57,
	lastchecked = {2014-09-14},
	title = {Urheberrechtsgesetz},
	url = {http://www.ris.bka.gv.at/Dokumente/Bundesnormen/NOR40041632/NOR40041632.html}
}

@article{dittrich,
	author = {Dittrich, Robert},
	isbn = {3406516831},
	journal = {Urheberrecht im Informationszeitalter. Festschrift f\"{u}r Wilhelm Nordemann.},
	location = {M\"{u}nchen},
	pages = {617--624},
	title = {Zur Quellenangabe bei Zitaten.},
	year = {2004}
}

@online{layout,
  lastchecked = {2014-09-17},
  url = {http://www.siart.de/typografie/latextipps.xhtml#layout},
  title = {LaTeX-Tipps}
}

@online{listingtipp,
  lastchecked = {2014-09-17},
  url = {http://uweziegenhagen.de/?p=1500},
  title={LaTeX: Umlaute in utf8 Listings korrekt ausgeben}
}

@online{hagenberg,
lastchecked = {2016-10-09},
url = {https://github.com/Digital-Media/HagenbergThesis},
title={Hagenberg LaTeX Thesis Template}
}

@online{leitfaden,
lastchecked = { 2018-04-24 },
url = { https://moodle.htl.rennweg.at/MoodleKurs-Matura/HTL_RDP-AP_Leitfaden.pdf },
title = { Reife- und Diplomprüfung, Abschlussprüfung an technischen, gewerblichen und kunstgewerblichen Lehranstalten }
}

@online{ wiki:modellierungsprogramm_beispiele,
	author = "Wikipedia",
	title = "Zitat --- Wikipedia{,} Die freie Enzyklopädie",
	url = "https://de.wikipedia.org/wiki/3D-Grafiksoftware",
	lastchecked = "2019-01-09"
}

@online{ unreal:modellierungVon3dObjekten_performance,
	author = "Epic Games",
	title = "Performance Guidelines for Artists and Designers",
	url = "https://docs.unrealengine.com/en-us/Engine/Performance/Guidelines",
	lastchecked = "2019-02-07"
}

@online{ blender:boolean_modifier,
	author = "Blender",
	title = "Boolean Modifikator",
	url = "https://docs.blender.org/manual/en/latest/modeling/modifiers/generate/booleans.html",
	lastchecked = "2019-02-15"
}

@online{ blender:mirror_modifier,
	author = "Blender",
	title = "Mirror Modifikator",
	url = "https://docs.blender.org/manual/en/latest/modeling/modifiers/generate/mirror.html",
	lastchecked = "2019-02-15"
}

@online{ blender:array_modifier,
	author = "Blender",
	title = "Array Modifikator",
	url = "https://docs.blender.org/manual/en/latest/modeling/modifiers/generate/array.html",
	lastchecked = "2019-02-20"
}

@online{ blender:curve_modifier,
	author = "Blender",
	title = "Curve Modifikator",
	url = "https://docs.blender.org/manual/en/latest/modeling/modifiers/deform/curve.html",
	lastchecked = "2019-02-20"
}

@online{ blender:bevel_modifier,
	author = "Blender",
	title = "Bevel Modifikator",
	url = "https://docs.blender.org/manual/en/latest/modeling/modifiers/generate/bevel.html",
	lastchecked = "2019-02-20"
}

@online{ blender:decimate_modifier,
	 author = "Blender",
	 title = "Decimate Modifikator",
	 url = "https://docs.blender.org/manual/en/latest/modeling/modifiers/generate/decimate.html",
	 lastchecked = "2019-02-20"
}

@online{ blender:edgesplit_modifier,
	author = "Blender",
	title = "Edgesplit Modifikator",
	url = "https://docs.blender.org/manual/en/latest/modeling/modifiers/generate/edge_split.html",
	lastchecked = "2019-02-21"
}

@online{ unreal:directional_light,
	author = "Epic Games",
	title = "Directional Light",
	url = "https://docs.unrealengine.com/en-us/Engine/Rendering/LightingAndShadows/LightTypes/Directional",
	lastchecked = "2019-03-04"
}

@online{ unreal:skylight,
	author = "Epic Games",
	title = "Sky Light",
	url = "https://docs.unrealengine.com/en-us/Engine/Rendering/LightingAndShadows/LightTypes/SkyLight",
	lastchecked = "2019-03-07"
}

@online{ unreal:lightmassImportanceVolume,
	author = "Epic Games",
	title = "Lightmass Importance Volume",
	url = "https://docs.unrealengine.com/en-US/Engine/Rendering/LightingAndShadows/Lightmass/Basics",
	lastchecked = "2019-03-07"
}

@online{ unreal:postProcessVolume,
	author = "Epic Games",
	title = "Post Process Volume",
	url = "https://docs.unrealengine.com/en-us/Engine/Rendering/PostProcessEffects",
	lastchecked = "2019-03-07"
}

@online{ unreal:exponentialHeightFog,
	author = "Epic Games",
	title = "Exponential Height Fog",
	url = "https://docs.unrealengine.com/en-us/Engine/Actors/FogEffects/HeightFog",
	lastchecked = "2019-03-07"
}

@online{ unreal:types_of_light,
	author = "Epic Games",
	title = "Types of Lights",
	url = "https://docs.unrealengine.com/en-us/Engine/Rendering/LightingAndShadows/LightTypes/Directional",
	lastchecked = "2019-03-04"
}

@online{ unreal:static_light,
	author = "Epic Games",
	title = "Types of Lights",
	url = "https://docs.unrealengine.com/en-us/Engine/Rendering/LightingAndShadows/LightMobility/StaticLights",
	lastchecked = "2019-03-16"
}

@online{ unreal:stationary_light,
	author = "Epic Games",
	title = "Types of Lights",
	url = "https://docs.unrealengine.com/en-us/Engine/Rendering/LightingAndShadows/LightMobility/StationaryLights",
	lastchecked = "2019-03-16"
}

@online{ unreal:movable_light,
	author = "Epic Games",
	title = "Types of Lights",
	url = "https://docs.unrealengine.com/en-us/Engine/Rendering/LightingAndShadows/LightMobility/DynamicLights",
	lastchecked = "2019-03-16"
}

@online{ blender:smooth_shading,
	author = "Blender",
	title = "Smooth Shading",
	url = "https://docs.blender.org/manual/en/latest/modeling/meshes/editing/normals.html?highlight=smooth",
	lastchecked = "2019-03-09"
}

@online{ paracelsusgrab:bild,
	author = "Wikimedia Commons",
	title = "Paracelsus Grab",
	url = "https://commons.wikimedia.org/wiki/File:Salzburg_Grab_Paracelsus_kl.jpg",
	lastchecked = "2019-03-16"
}
